@inproceedings{Jupiter,
 author = {Nichols, David A. and Curtis, Pavel and Dixon, Michael and Lamping, John},
 title = {High-Latency, Low-Bandwidth Windowing in the Jupiter Collaboration System},
 booktitle = {Proceedings of the 8th Annual ACM Symposium on User Interface and Software Technology},
 series = {UIST '95},
 year = {1995},
 isbn = {0-89791-709-X},
 location = {Pittsburgh, Pennsylvania, USA},
 pages = {111--120},
 numpages = {10},
 doi = {10.1145/215585.215706},
 acmid = {215706},
 publisher = {ACM},
 address = {New York, NY, USA},
 keywords = {CSCW, UIMS, groupware toolkits, optimistic currency control, window toolkits},
}

@online{Saros,
    title   = {Real-Time Distributed Software Development},
    organization  = {Saros},
    year    = {2014},
    url     = {http://www.saros-project.org/},
    urldate = {2014-02-22},
}

@online{GoogleWave,
    title   = {Google Wave Protocol},
    url     = {http://www.waveprotocol.org/},
    urldate = {2014-02-22},
}

@online{Gobby,
    title   = {Gobby},
    subtitle = {a collaborative text editor},
    organization  = {0x539 dev group},
    date    = {2014-01-15},
    url     = {http://gobby.0x539.de/trac/},
    urldate = {2014-02-22},
}

@online{UnderstandOT,
    title   = {Understanding and Applying Operational Transformation},
    author  = {Daniel Spiewak},
    date    = {2010-05-17},
    url     = {http://www.codecommit.com/blog/java/understanding-and-applying-operational-transformation},
    urldate = {2014-02-22},
}

@article{Transform,
    title   = {Achieving Convergence, Causality Preservation, and Intention
        Preservation in Real-Time Cooperative Editing Systems},
 author = {Sun, Chengzheng and Jia, Xiaohua and Zhang, Yanchun and Yang, Yun and Chen, David},
 journal = {ACM Trans. Comput.-Hum. Interact.},
 issue_date = {March 1998},
 volume = {5},
 number = {1},
 month = mar,
 year = {1998},
 issn = {1073-0516},
 pages = {63--108},
 numpages = {46},
 doi = {10.1145/274444.274447},
 publisher = {ACM},
 address = {New York, NY, USA},
 keywords = {REDUCE, causality preservation, computer-supported cooperative work, consistency maintenance, convergence, cooperative editing, groupware systems, intention preservation, operational transformation},
}
